[gd_scene load_steps=4 format=3 uid="uid://ck3uujopftni2"]

[ext_resource type="Script" path="res://example/keyboard_controls.gd" id="1_7iqbw"]

[sub_resource type="StyleBoxFlat" id="StyleBoxFlat_6yvur"]

[sub_resource type="Theme" id="Theme_0xiow"]
HBoxContainer/styles/background = SubResource("StyleBoxFlat_6yvur")

[node name="Controls" type="VBoxContainer"]
process_mode = 3
anchor_right = 1.0
anchor_bottom = 1.0
script = ExtResource("1_7iqbw")

[node name="ProfilePickerContainer" type="HBoxContainer" parent="."]
offset_right = 1024.0
offset_bottom = 31.0
size_flags_horizontal = 3
size_flags_vertical = 0
theme = SubResource("Theme_0xiow")

[node name="DeviceNameLabel" type="Label" parent="ProfilePickerContainer"]
offset_top = 2.0
offset_right = 417.0
offset_bottom = 28.0
size_flags_horizontal = 3
text = "Device name"
horizontal_alignment = 1

[node name="ProfilePicker" type="OptionButton" parent="ProfilePickerContainer"]
offset_left = 421.0
offset_right = 838.0
offset_bottom = 31.0
size_flags_horizontal = 3
alignment = 2
item_count = 1
selected = 0
popup/item_0/text = "Default Keyboard"
popup/item_0/id = 0

[node name="LineEdit" type="LineEdit" parent="ProfilePickerContainer"]
custom_minimum_size = Vector2(160, 0)
offset_left = 842.0
offset_right = 1002.0
offset_bottom = 31.0
placeholder_text = "New profile name"
alignment = 1
expand_to_text_length = true

[node name="DeleteProfileButton" type="Button" parent="ProfilePickerContainer"]
offset_left = 1006.0
offset_right = 1024.0
offset_bottom = 31.0
text = "X"

[node name="ScrollContainer" type="ScrollContainer" parent="."]
offset_top = 35.0
offset_right = 1024.0
offset_bottom = 565.0
size_flags_vertical = 3
follow_focus = true
horizontal_scroll_mode = 0

[node name="VBoxContainer" type="VBoxContainer" parent="ScrollContainer"]
offset_right = 1024.0
offset_bottom = 530.0
size_flags_horizontal = 3
size_flags_vertical = 3

[node name="VBoxContainer2" type="VBoxContainer" parent="."]
offset_top = 569.0
offset_right = 1024.0
offset_bottom = 600.0
size_flags_horizontal = 3
size_flags_vertical = 0

[node name="HBoxContainer" type="HBoxContainer" parent="VBoxContainer2"]
offset_right = 1024.0
offset_bottom = 31.0
size_flags_horizontal = 3
size_flags_vertical = 0

[node name="SaveButton" type="Button" parent="VBoxContainer2/HBoxContainer"]
offset_right = 1024.0
offset_bottom = 31.0
size_flags_horizontal = 3
text = "Save"

[connection signal="item_selected" from="ProfilePickerContainer/ProfilePicker" to="." method="_on_profile_picker_item_selected"]
[connection signal="text_submitted" from="ProfilePickerContainer/LineEdit" to="." method="_on_line_edit_text_submitted"]
[connection signal="pressed" from="ProfilePickerContainer/DeleteProfileButton" to="." method="_on_delete_profile_button_pressed"]
[connection signal="pressed" from="VBoxContainer2/HBoxContainer/SaveButton" to="." method="_on_save_button_pressed"]
